@article{read2005arab,
  title={Arab immigrants: a new case for ethnicity and health?},
  author={Read, Jenâ€™nan Ghazal and Amick, Benjamin and Donato, Katharine M},
  journal={Social Science \& Medicine},
  volume={61},
  number={1},
  pages={77--82},
  year={2005},
  publisher={Elsevier}
}

@incollection{tsuchida1998history,
  title={A History of Japanese Emigration from the 1860s to the 1990s},
  author={Tsuchida, Motoko},
  booktitle={Temporary Workers or Future Citizens? Japanese and US Migration Policies},
  pages={77--119},
  year={1998},
  publisher={Springer}
}

@article{newland2004beyond,
  title={Beyond remittances: the role of Diaspora in poverty reduction in their countries of origin, a scoping study by the Migration Policy Institute for the Department of International Development},
  author={Newland, Kathleen and Patrick, Erin},
  journal={Migration Policy Institute},
  year={2004}
}

@article{stalker2002migration,
  title={Migration trends and migration policy in Europe},
  author={Stalker, Peter},
  journal={International migration},
  volume={40},
  number={5},
  pages={151--179},
  year={2002},
  publisher={Wiley Online Library}
}

@article{helbling2018migration,
  title={Migration policy trends in OECD countries},
  author={Helbling, Marc and Kalkum, Dorina},
  journal={Journal of European Public Policy},
  volume={25},
  number={12},
  pages={1779--1797},
  year={2018},
  publisher={Taylor \& Francis}
}

@article{kandula2004assuring,
  title={Assuring the health of immigrants: what the leading health indicators tell us},
  author={Kandula, Namratha R and Kersey, Margaret and Lurie, Nicole},
  journal={Annu. Rev. Public Health},
  volume={25},
  pages={357--376},
  year={2004},
  publisher={Annual Reviews}
}

@article{page2020undocumented,
  title={Undocumented US immigrants and Covid-19},
  author={Page, Kathleen R and Venkataramani, Maya and Beyrer, Chris and Polk, Sarah},
  journal={New England Journal of Medicine},
  volume={382},
  number={21},
  pages={e62},
  year={2020},
  publisher={Mass Medical Soc}
}

@article{anderson2021rethinking,
  title={Rethinking labour migration: Covid-19, essential work, and systemic resilience},
  author={Anderson, Bridget and Poeschel, Friedrich and Ruhs, Martin},
  journal={Comparative Migration Studies},
  volume={9},
  pages={1--19},
  year={2021},
  publisher={Springer}
}

@article{lapinski1997trends,
  title={Trends: Immigrants and immigration},
  author={Lapinski, John S and Peltola, Pia and Shaw, Greg and Yang, Alan},
  journal={The Public Opinion Quarterly},
  volume={61},
  number={2},
  pages={356--383},
  year={1997},
  publisher={JSTOR}
}

@book{berger2013immigrant,
  title={Immigrant women tell their stories},
  author={Berger, Roni},
  year={2013},
  publisher={Routledge}
}

@book{igoa2013inner,
  title={The inner world of the immigrant child},
  author={Igoa, Cristina},
  year={2013},
  publisher={Routledge}
}